@article{eugene_hecht_-_optics-pearson_(2016).pdf_2024,
  title={ Eugene Hecht - Optics-Pearson (2016).pdf },
  author={ Unknown },
  year={ 2024 },
  note={ Exported from Ripple Copilot }
}

@article{eugene_hecht_-_optics-pearson_(2016).pdf_2024,
  title={ Eugene Hecht - Optics-Pearson (2016).pdf },
  author={ Unknown },
  year={ 2024 },
  note={ Exported from Ripple Copilot }
}

@article{eugene_hecht_-_optics-pearson_(2016).pdf_2024,
  title={ Eugene Hecht - Optics-Pearson (2016).pdf },
  author={ Unknown },
  year={ 2024 },
  note={ Exported from Ripple Copilot }
}

@article{eugene_hecht_-_optics-pearson_(2016).pdf_2024,
  title={ Eugene Hecht - Optics-Pearson (2016).pdf },
  author={ Unknown },
  year={ 2024 },
  note={ Exported from Ripple Copilot }
}

@article{eugene_hecht_-_optics-pearson_(2016).pdf_2024,
  title={ Eugene Hecht - Optics-Pearson (2016).pdf },
  author={ Unknown },
  year={ 2024 },
  note={ Exported from Ripple Copilot }
}

@article{eugene_hecht_-_optics-pearson_(2016).pdf_2024,
  title={ Eugene Hecht - Optics-Pearson (2016).pdf },
  author={ Unknown },
  year={ 2024 },
  note={ Exported from Ripple Copilot }
}

@article{eugene_hecht_-_optics-pearson_(2016).pdf_2024,
  title={ Eugene Hecht - Optics-Pearson (2016).pdf },
  author={ Unknown },
  year={ 2024 },
  note={ Exported from Ripple Copilot }
}

@article{dietrich_korsch_(auth.)_-_reflective_optics-academic_press_(1991).pdf_2024,
  title={ Dietrich Korsch (Auth.) - Reflective Optics-Academic Press (1991).pdf },
  author={ Unknown },
  year={ 2024 },
  note={ Exported from Ripple Copilot }
}

@article{dietrich_korsch_(auth.)_-_reflective_optics-academic_press_(1991).pdf_2024,
  title={ Dietrich Korsch (Auth.) - Reflective Optics-Academic Press (1991).pdf },
  author={ Unknown },
  year={ 2024 },
  note={ Exported from Ripple Copilot }
}

@article{eugene_hecht_-_optics-pearson_(2016).pdf_2024,
  title={ Eugene Hecht - Optics-Pearson (2016).pdf },
  author={ Unknown },
  year={ 2024 },
  note={ Exported from Ripple Copilot }
}

